@article{refer1,
  title={Sistemas de Reconhecimento Facial},
  author={L. Braga},
  journal={Artigo Científico},
  year={2013},
  publisher={USP - São Carlos}
}

@article{refer2,
  title={Técnicas de processamento de imagens para localização e reconhecimento de faces},
  author={O. Almeida},
  journal={Artigo Científico},
  year={2006},
  publisher={USP - São Carlos}
}

@article{refer3,
  title={Processo de Detecção Facial Utilizando VIola;Jones},
  author={L. Santanas, T. Santos e F. Gomes},
  journal={Artigo Científico},
  year={2015},
  publisher={Interfaces Científicas}
}

@misc{refer4,
author = {J. Granatyr},
title = {Detecção de Faces com Java e OpenCV},
year = {2018 (acessado Julho 28, 2018)}, 
howpublished = "\url{https://www.udemy.com/deteccao-de-faces-com-java-e-opencv/learn/v4/t/lecture/7538798?start=0}"}


@article{refer5,
  title={Detecção de Faces e Características Faciais},
  author={E. Lopes},
  journal={Artigo Científico},
  year={2015},
  publisher={Pontifícia Universidade Católica do Rio Grande do Sul - PUCRS}
}